% This file was created with JabRef 2.8.1.
% Encoding: UTF8

@book{1,
  author = {R. Angarita . M. Rukoz  . Y. Cardinale },
  title = {Modeling Dynamic Recovery Strategy for Composite Web Services Execution}
}

@MISC{badsc,
  author = {B-ADSc},
  title = {Modélisation des Systèmes Complexes; http://www.b-adsc.com}, 
  url = {http://www.b-adsc.com/}
}

@MISC{domis,
  author = {IGD, Institut de génie décisionnel},
  title = {Pourquoi la modélisation des processus dans les projets d'organisation ?}, 
  url = {http://iegd.institut.online.fr/DoMIS-pourquoi-fr.htm}
}


