% This file was created with JabRef 2.8.1.
% Encoding: UTF8

@book{badsc,
  author = {Janusz BUCKI },
  title = {Annalyse décisionnelle des système complexes}, 
}

